<?xml version="1.0" encoding="utf-8"?>
<record xmlns="http://www.loc.gov/MARC21/slim" xmlns:xsi="http://www.w3.org/2001/XMLSchema-instance" xsi:schemaLocation="http://www.loc.gov/MARC21/slim http://www.loc.gov/standards/marcxml/schema/MARC21slim.xsd">
	<leader>     nam a22     Mi 4500</leader>
	<controlfield tag="001">b12578460</controlfield>
	<controlfield tag="003">LeBAU</controlfield>
	<controlfield tag="006">m        d        </controlfield>
	<controlfield tag="007">cr cn |||m|||a</controlfield>
	<controlfield tag="008">190821m19221923le af   o     ||0 m ara d</controlfield>
	<datafield ind1=" " ind2=" " tag="040">
		<subfield code="a">ZYU</subfield>
		<subfield code="b">ara</subfield>
		<subfield code="e">rda</subfield>
		<subfield code="c">ZYU</subfield>
	</datafield>
	<datafield ind1="0" ind2="4" tag="082">
		<subfield code="a">892.78</subfield>
		<subfield code="2">22</subfield>
	</datafield>
	<datafield ind1="1" ind2=" " tag="100">
		<subfield code="6">880-01</subfield>
		<subfield code="a">Rihani, Ameen Fares,</subfield>
		<subfield code="d">1876-1940,</subfield>
		<subfield code="e">author.</subfield>
	</datafield>
	<datafield ind1="1" ind2="0" tag="245">
		<subfield code="6">880-02</subfield>
		<subfield code="a">al-Rīḥānīyāt :</subfield>
		<subfield code="b">wa-hiya majmūʻat maqālāt wa-khuṭab wa-shiʻr manthūr /</subfield>
		<subfield code="c">ta’līf Amīn al-Rīḥānī.</subfield>
	</datafield>
	<datafield ind1=" " ind2=" " tag="250">
		<subfield code="6">880-03</subfield>
		<subfield code="a">Ṭabʻah thānīyah.</subfield>
	</datafield>
	<datafield ind1=" " ind2="1" tag="264">
		<subfield code="6">880-04</subfield>
		<subfield code="a">Bayrūt :</subfield>
		<subfield code="b">al-Maṭbaʻah al-ʻIlmīyah,</subfield>
		<subfield code="c">1922-1923.</subfield>
	</datafield>
	<datafield ind1=" " ind2=" " tag="300">
		<subfield code="6">880-05</subfield>
		<subfield code="a">online resource (4 volumes) :</subfield>
		<subfield code="b">illustrations, portraits, facsimiles</subfield>
	</datafield>
	<datafield ind1=" " ind2=" " tag="336">
		<subfield code="a">text</subfield>
		<subfield code="2">rdacontent</subfield>
	</datafield>
	<datafield ind1=" " ind2=" " tag="337">
		<subfield code="a">computer</subfield>
		<subfield code="2">rdamedia</subfield>
	</datafield>
	<datafield ind1=" " ind2=" " tag="338">
		<subfield code="a">online resource</subfield>
		<subfield code="2">rdacarrier</subfield>
	</datafield>
	<datafield ind1=" " ind2=" " tag="500">
		<subfield code="a">منشورات أساتذة الجامعة الاميركية في بيروت.</subfield>
	</datafield>
	<datafield ind1=" " ind2=" " tag="500">
		<subfield code="a">&quot;مصدر برسالة من خط المؤلف.&quot;</subfield>
	</datafield>
	<datafield ind1=" " ind2=" " tag="500">
		<subfield code="a">Part of the Arabic Collections Online (ACO) project, contributed by American University of Beirut's Jafet Memorial Library.</subfield>
	</datafield>
	<datafield ind1="0" ind2="0" tag="505">
		<subfield code="a">الريحانيات:</subfield>
		<subfield code="g">الجزء الأول.</subfield>
		<subfield code="t">يحتوي على مقالات إجتماعية أدبية إنتقادية وبذور للزارعين --</subfield>
		<subfield code="g">الجزء الثاني.</subfield>
		<subfield code="t">يحتوي على خطب ومقالات إنتقادية وشعر منثور --</subfield>
		<subfield code="g">الجزء الثالث.</subfield>
		<subfield code="t">يحتوي على مقالات إجتماعية أدبية إنتقادية وخطب --</subfield>
		<subfield code="t">الجزء الرابع.</subfield>
		<subfield code="t">يحتوي على شعر منثور ومقالات إجتماعية وسياسية.</subfield>
	</datafield>
	<datafield ind1=" " ind2=" " tag="533">
		<subfield code="a">Electronic reproduction.</subfield>
		<subfield code="b">New York, N.Y. :</subfield>
		<subfield code="c">New York University,</subfield>
		<subfield code="d">2019.</subfield>
		<subfield code="5">NNU</subfield>
	</datafield>
	<datafield ind1=" " ind2=" " tag="590">
		<subfield code="a">في المكتبة: الأجزاء 1-2.</subfield>
	</datafield>
	<datafield ind1=" " ind2="4" tag="655">
		<subfield code="a">أدب.</subfield>
	</datafield>
	<datafield ind1=" " ind2="0" tag="655">
		<subfield code="a">Literature.</subfield>
	</datafield>
	<datafield ind1="2" ind2=" " tag="710">
		<subfield code="a">Jafet Memorial Library.</subfield>
	</datafield>
	<datafield ind1="0" ind2=" " tag="730">
		<subfield code="a">Arabic Collections Online.</subfield>
	</datafield>
	<datafield ind1="0" ind2="8" tag="775">
		<subfield code="6">880-06</subfield>
		<subfield code="i">has designation of edition</subfield>
		<subfield code="4">http://rdaregistry.info/Elements/m/P30133 :</subfield>
		<subfield code="t">al-Rīḥānīyāt : wa-hiya majmūʻat maqālāt wa-khuṭab wa-shiʻr manthūr.</subfield>
		<subfield code="b">Ṭabʻah ūlá.</subfield>
		<subfield code="d">Bayrūt : al-Maṭbaʻah al-ʻIlmīyah, 1922-1923</subfield>
		<subfield code="w">b21091626</subfield>
	</datafield>
	<datafield ind1="0" ind2="8" tag="776">
		<subfield code="i">Print version:</subfield>
		<subfield code="a">Rihani, Ameen Fares, 1876-1940, author.</subfield>
		<subfield code="t">al-Rīḥānīyāt</subfield>
		<subfield code="w">(LeBAU)b12578460</subfield>
	</datafield>
	<datafield ind1="4" ind2="0" tag="856">
		<subfield code="u">http://hdl.handle.net/2333.1/k0p2nr5z</subfield>
	</datafield>
	<datafield ind1="1" ind2=" " tag="880">
		<subfield code="6">100-01</subfield>
		<subfield code="a">الريحاني، امين فارس،</subfield>
		<subfield code="d">1876-1940،</subfield>
		<subfield code="e">مؤلف. </subfield>
		<subfield code="4">aut.</subfield>
	</datafield>
	<datafield ind1="1" ind2="3" tag="880">
		<subfield code="6">245-02</subfield>
		<subfield code="a">الريحانيات :</subfield>
		<subfield code="b">وهي مجموعة مقالات وخطب وشعر منثور /</subfield>
		<subfield code="c">تأليف أمين الريحاني.</subfield>
	</datafield>
	<datafield ind1=" " ind2=" " tag="880">
		<subfield code="6">250-03</subfield>
		<subfield code="a">طبعة ثانية.</subfield>
	</datafield>
	<datafield ind1=" " ind2="1" tag="880">
		<subfield code="6">264-04</subfield>
		<subfield code="a">بيروت :</subfield>
		<subfield code="b">المطبعة العلمية،</subfield>
		<subfield code="c">1922-1923.</subfield>
	</datafield>
	<datafield ind1=" " ind2=" " tag="880">
		<subfield code="6">300-05</subfield>
		<subfield code="a">4 أجزاء :</subfield>
		<subfield code="b">مصورات، صور شخصانية، صور طبق الأصل ؛</subfield>
		<subfield code="c">23 سم</subfield>
	</datafield>
	<datafield ind1="0" ind2=" " tag="880">
		<subfield code="6">775-06</subfield>
		<subfield code="i">دلالة على الطبعة</subfield>
		<subfield code="4">http://rdaregistry.info/Elements/m/P30133 :</subfield>
		<subfield code="t">الريحانيات : وهي مجموعة مقالات وخطب وشعر منثور.</subfield>
		<subfield code="b">طبعة أولى.</subfield>
		<subfield code="d">بيروت : المطبعة العلمية، 1922-1923</subfield>
		<subfield code="w">b21091626</subfield>
	</datafield>
	<datafield ind1=" " ind2=" " tag="959">
		<subfield code="a">NNU</subfield>
		<subfield code="b">WEB</subfield>
		<subfield code="c">GENI</subfield>
		<subfield code="t">0</subfield>
		<subfield code="m">Electronic access</subfield>
		<subfield code="s">01</subfield>
	</datafield>
	<datafield ind1=" " ind2=" " tag="999">
		<subfield code="i">LeBAU_b12578460</subfield>
		<subfield code="s">aub_aco002760:v.1</subfield>
		<subfield code="s">aub_aco002761:v.2</subfield>
		<subfield code="e">(ERROR-MISC)</subfield>
	</datafield>
</record>
